@online{
	cugola:corba,
	author = {Cugola, Gianpaolo},
	title = {CORBA},
	year = {2013},
	url = {http://corsi.dei.polimi.it/distsys/2012-2013/pub/14-corba.pdf},
}

@online{
	sun:corba,
	editor = {Oracle},
	title = {CORBA},
	year = {2013},
	url = {http://docs.oracle.com/javase/7/docs/technotes/guides/idl/GShome.html},
}

@online{
	cugola:openmp,
	author = {Cugola, Gianpaolo},
	title = {OpenMP},
	year = {2013},
	url = {http://corsi.dei.polimi.it/distsys/pub/18-openmp.pdf},
}

@online{
	openmp:org,
	editor = {openmp.org},
	title = {The OpenMP API},
	year = {2014},
	url = {http://openmp.org/openmp-faq.html#OMPAPI},
}

@online{
	tutorial:openmp,
	author = {Barney, Blaise},
	title = {OpenMP},
	year = {2014},
	url = {https://computing.llnl.gov/tutorials/openMP/},
}

@online{
	tutorial:mpi,
	author = {Barney, Blaise},
	title = {Message Passing Interface},
	year = {2014},
	url = {https://computing.llnl.gov/tutorials/mpi/},		
}

@online{
	cugola:mpi,
	author = {Cugola, Gianpaolo},
	title = {Advance message passing with MPI},
	year = {2013},
	url = {http://corsi.dei.polimi.it/distsys/pub/19-mpi.pdf},
}

@online{
	cugola:jms,
	author = {Cugola, Gianpaolo},
	title = {JMS},
	year = {2013},
	url = {http://corsi.dei.polimi.it/distsys/pub/15-jms.pdf},
}

@online{
	sun:jms,
	editor = {Oracle},
	title = {The Java EE 6 Tutorial},
	year = {2013},
	url = {http://docs.oracle.com/javaee/6/tutorial/doc/bncdq.html},
}

@online{
	joram:jms,
	editor = {Joram},
	title = {JORAM tutorials},
	year = {2013},
	url = {http://joram.ow2.org/doc/tutorials.html},
}

@online{
	cugola:hadoop,
	author = {Cugola, Gianpaolo},
	title = {JMS},
	year = {2014},
	url = {http://corsi.dei.polimi.it/distsys/pub/20-hadoop.pdf},
}

@online{
	hadoop:docs,
	editor = {Apache Software Foundation},
	title = {Apache Hadoop 2.5.0},
	year = {2014},
	url = {http://hadoop.apache.org/docs/current/},
}

@online{
	hadoop:tutorials,
	editor = {Apache Software Foundation},
	title = {Apache Hadoop},
	year = {2014},
	url = {http://wiki.apache.org/hadoop/#Tutorials},
}